<record><leader>00000cas a2200000 a 4500</leader><controlfield tag="001">10204712</controlfield><controlfield tag="008">831209d18431861msuwr ne      0    0eng  </controlfield><datafield ind1=" " ind2=" " tag="010"><subfield code="a">sn 83016918 </subfield></datafield><datafield ind1=" " ind2=" " tag="040"><subfield code="a">DLC</subfield><subfield code="b">eng</subfield><subfield code="c">DLC</subfield><subfield code="d">NPY</subfield><subfield code="d">NPU</subfield><subfield code="d">PPM</subfield><subfield code="d">MSJ</subfield><subfield code="d">MGN</subfield><subfield code="d">NVK</subfield><subfield code="d">CRL</subfield><subfield code="d">CUI</subfield><subfield code="d">DLC</subfield><subfield code="d">OCLCQ</subfield><subfield code="d">OCLCF</subfield><subfield code="d">OCLCA</subfield></datafield><datafield ind1=" " ind2=" " tag="019"><subfield code="a">2251234</subfield></datafield><datafield ind1="1" ind2=" " tag="029"><subfield code="a">AU@</subfield><subfield code="b">000020122183</subfield></datafield><datafield ind1=" " ind2=" " tag="042"><subfield code="a">pcc</subfield></datafield><datafield ind1=" " ind2=" " tag="043"><subfield code="a">n-us-ms</subfield></datafield><datafield ind1="0" ind2="0" tag="050"><subfield code="a">Newspaper</subfield></datafield><datafield ind1=" " ind2="4" tag="050"><subfield code="a">AN</subfield></datafield><datafield ind1="0" ind2=" " tag="130"><subfield code="a">Mississippi free trader (Natchez, Miss.)</subfield></datafield><datafield ind1="1" ind2="0" tag="245"><subfield code="a">Mississippi free trader.</subfield></datafield><datafield ind1=" " ind2=" " tag="260"><subfield code="a">Natchez, Miss. :</subfield><subfield code="b">T.A.S. Doniphan,</subfield><subfield code="c">1843-</subfield></datafield><datafield ind1=" " ind2=" " tag="300"><subfield code="a">v. :</subfield><subfield code="b">ill. (chiefly advertisements) ;</subfield><subfield code="c">60 cm.</subfield></datafield><datafield ind1=" " ind2=" " tag="310"><subfield code="a">Weekly</subfield></datafield><datafield ind1="0" ind2=" " tag="362"><subfield code="a">Vol. 8, no. 20 (Jan. 4, 1843)-</subfield></datafield><datafield ind1="1" ind2=" " tag="362"><subfield code="a">Ceased in 1861?</subfield></datafield><datafield ind1=" " ind2=" " tag="500"><subfield code="a">Editor: Wm. W.W. Wood, &lt;1860&gt;.</subfield></datafield><datafield ind1=" " ind2=" " tag="500"><subfield code="a">Publishers: Wood and Marsh, &lt;1860&gt;.</subfield></datafield><datafield ind1=" " ind2=" " tag="530"><subfield code="a">Available on microfilm from Bell &amp; Howell, Micro Photo Div.</subfield></datafield><datafield ind1=" " ind2=" " tag="580"><subfield code="a">Semiweekly eds.: Mississippi free trader and Natchez gazette (Natchez, Miss. : 1843), and: Mississippi free trader (Natchez, Miss. : 1851 : Semiweekly), and: Mississippi free trader (Natchez, Miss. : 1857).</subfield></datafield><datafield ind1=" " ind2=" " tag="580"><subfield code="a">Daily ed.: Natchez daily free trader, and: Daily free trader (Natchez, Miss. : 1858).</subfield></datafield><datafield ind1=" " ind2="0" tag="651"><subfield code="a">Natchez (Miss.)</subfield><subfield code="v">Newspapers.</subfield></datafield><datafield ind1=" " ind2="0" tag="651"><subfield code="a">Adams County (Miss.)</subfield><subfield code="v">Newspapers.</subfield></datafield><datafield ind1=" " ind2="7" tag="655"><subfield code="a">Newspapers.</subfield><subfield code="2">fast</subfield><subfield code="0">(OCoLC)fst01423814</subfield></datafield><datafield ind1=" " ind2="7" tag="651"><subfield code="a">Mississippi</subfield><subfield code="z">Adams County.</subfield><subfield code="2">fast</subfield><subfield code="0">(OCoLC)fst01214708</subfield></datafield><datafield ind1=" " ind2="7" tag="651"><subfield code="a">Mississippi</subfield><subfield code="z">Natchez.</subfield><subfield code="2">fast</subfield><subfield code="0">(OCoLC)fst01204961</subfield></datafield><datafield ind1=" " ind2=" " tag="752"><subfield code="a">United States</subfield><subfield code="b">Mississippi</subfield><subfield code="c">Adams</subfield><subfield code="d">Natchez.</subfield></datafield><datafield ind1="1" ind2=" " tag="775"><subfield code="t">Mississippi free trader and Natchez gazette (Natchez, Miss. : 1843)</subfield><subfield code="w">(DLC)sn 83016919</subfield><subfield code="w">(OCoLC)10204873</subfield></datafield><datafield ind1="1" ind2=" " tag="775"><subfield code="t">Natchez daily free trader</subfield><subfield code="w">(DLC)sn 84024274</subfield><subfield code="w">(OCoLC)2251265</subfield></datafield><datafield ind1="1" ind2=" " tag="775"><subfield code="t">Mississippi free trader (Natchez, Miss. : 1851 : Semiweekly)</subfield><subfield code="w">(DLC)sn 87090483</subfield><subfield code="w">(OCoLC)15805569</subfield></datafield><datafield ind1="1" ind2=" " tag="775"><subfield code="t">Mississippi free trader (Natchez, Miss. : 1857)</subfield><subfield code="w">(DLC)sn 87090485</subfield><subfield code="w">(OCoLC)15620434</subfield></datafield><datafield ind1="1" ind2=" " tag="775"><subfield code="t">Daily free trader (Natchez, Miss. : 1858)</subfield><subfield code="w">(DLC)sn 87090464</subfield><subfield code="w">(OCoLC)15620705</subfield></datafield><datafield ind1="0" ind2="8" tag="776"><subfield code="i">Online version:</subfield><subfield code="t">Mississippi free trader (Natchez, Miss. : Online)</subfield><subfield code="w">(OCoLC)192107402</subfield></datafield><datafield ind1="0" ind2="0" tag="780"><subfield code="t">Mississippi free trader and Natchez weekly gazette</subfield><subfield code="w">(DLC)sn 87065433</subfield><subfield code="w">(OCoLC)15984630</subfield></datafield></record>